% This file was created with JabRef 2.10.
% Encoding: UTF-8



@Electronic{vjcms,
  Title                    = {Real time face detection using Viola-Jones and Camshift in Python},
  Author                   = {Rahull Patell},
  Month                    = {April},
  Url                      = {https://rahullpatell.wordpress.com/2015/04/21/real-time-face-detection-using-viola-jones-and-camshift-in-python-i/},
  Year                     = {2015},

  Owner                    = {mastela},
  Timestamp                = {2017.11.24}
}


@Electronic{opencv,
  Title                    = {Face Detection using Haar Cascades},
  Author                   = {OPenCV},
  Month                    = {August},
  Url                      = {https://docs.opencv.org/3.3.0/d7/d8b/tutorial_py_face_detection.html},
  Year                     = {2017},
  Owner                    = {mastela},
  Timestamp                = {2017.11.24}
}


@Electronic{gil,
  Title                    = {Thread State and the Global Interpreter Lock},
  Publisher                = {Python Software Foundation},
  Month                    = {Juni},
  Url                      = {https://docs.opencv.org/3.3.0/d7/d8b/tutorial_py_face_detection.html},
  Year                     = {2001},
  Owner                    = {mastela},
  Timestamp                = {2017.11.24}
}






https://docs.python.org/2.0/api/threads.html










